%%% MY PRIMARY START HERE

@inproceedings{Tene:C4,
 author = {Tene, Gil and Iyengar, Balaji and Wolf, Michael},
 title = {C4: The Continuously Concurrent Compacting Collector},
 booktitle = {Proceedings of the International Symposium on Memory Management},
 series = {ISMM '11},
 year = {2011},
 isbn = {978-1-4503-0263-0},
 location = {San Jose, California, USA},
 pages = {79--88},
 numpages = {10},
 url = {http://doi.acm.org/10.1145/1993478.1993491},
 doi = {10.1145/1993478.1993491},
 acmid = {1993491},
 publisher = {ACM},
 address = {New York, NY, USA},
 keywords = {concurrent, garbage collection, genera- tional, linux, pauseless, read barrier, virtual memory}
}

@inproceedings{Iyengar:Collie,
 author = {Iyengar, Balaji and Tene, Gil and Wolf, Michael and Gehringer, Edward},
 title = {The Collie: A Wait-free Compacting Collector},
 booktitle = {Proceedings of the 2012 International Symposium on Memory Management},
 series = {ISMM '12},
 year = {2012},
 isbn = {978-1-4503-1350-6},
 location = {Beijing, China},
 pages = {85--96},
 numpages = {12},
 url = {http://doi.acm.org/10.1145/2258996.2259009},
 doi = {10.1145/2258996.2259009},
 acmid = {2259009},
 publisher = {ACM},
 address = {New York, NY, USA},
 keywords = {atomicity primitives, compaction, concurrent, garbage collection, memory management, minimum mutator utilization, read barrier, runtime systems, transactional memory, virtual memory}
} 

@inproceedings{Osterlund:FPP,
 author = {\"{O}sterlund, Erik and L\"{o}we, Welf},
 title = {Concurrent Compaction Using a Field Pinning Protocol},
 booktitle = {Proceedings of the 2015 ACM SIGPLAN International Symposium on Memory Management},
 series = {ISMM 2015},
 year = {2015},
 isbn = {978-1-4503-3589-8},
 location = {Portland, OR, USA},
 pages = {56--69},
 numpages = {14},
 url = {http://doi.acm.org/10.1145/2754169.2754177},
 doi = {10.1145/2754169.2754177},
 acmid = {2754177},
 publisher = {ACM},
 address = {New York, NY, USA},
 keywords = {Lock-free, compaction, garbage collection}
}

%%% MY SECONDARY/BG START HERE

@inproceedings{Click:Pauseless,
 author = {Click, Cliff and Tene, Gil and Wolf, Michael},
 title = {The Pauseless {GC} Algorithm},
 booktitle = {Proceedings of the 1st ACM/USENIX International Conference on Virtual Execution Environments},
 series = {VEE '05},
 year = {2005},
 isbn = {1-59593-047-7},
 location = {Chicago, IL, USA},
 pages = {46--56},
 numpages = {11},
 url = {http://doi.acm.org/10.1145/1064979.1064988},
 doi = {10.1145/1064979.1064988},
 acmid = {1064988},
 publisher = {ACM},
 address = {New York, NY, USA},
 keywords = {Java, concurrent GC, custom hardware, garbage collection, memory management, read barriers}
}


@misc{ wiki:transactional-memory,
   author = "Wikipedia",
   title = "Transactional memory --- {Wikipedia, The Free Encyclopedia}",
   year = "2015",
   url = "https://en.wikipedia.org/wiki/Transactional_memory",
   note = "[Online; accessed 3-October-2015]"
}
 
@misc{ wiki:atomicity,
   author = "Wikipedia",
   title = "Atomicity (database systems) --- {Wikipedia, The Free Encyclopedia}",
   year = "2015",
   url = "https://en.wikipedia.org/wiki/Atomicity_%28database_systems%29",
   note = "[Online; accessed 3-October-2015]"
}
 
@book{Humble:2015,
	 author = {Humble, Charles},
	 title = {The Java Garbage Collecion Mini-Book},
	 year = {2015},
	 isbn = {1329312384},
	 publisher = {C4Media}
}
 


